<?xml version="1.0" encoding="UTF-8"?>
<record xmlns="http://www.loc.gov/MARC21/slim" xmlns:xsi="http://www.w3.org/2001/XMLSchema-instance" xsi:schemaLocation="http://www.loc.gov/MARC21/slim http://www.loc.gov/standards/marcxml/schema/MARC21slim.xsd">
<leader>     nam a2200253u  4500</leader>
<controlfield tag="001">001677057</controlfield>
<controlfield tag="003">NNU</controlfield>
<controlfield tag="005">19990309000000.0</controlfield>
<controlfield tag="008">981105s1954    ua            001 0 ara d</controlfield>
<datafield tag="035" ind1="9" ind2=" ">
<subfield code="a">NYUb12220428</subfield>
</datafield>
<datafield tag="035" ind1=" " ind2=" ">
<subfield code="a">(ICU)hz3641506</subfield>
</datafield>
<datafield tag="035" ind1=" " ind2=" ">
<subfield code="a">(CStRLIN)ILCGHZ3641506-B</subfield>
</datafield>
<datafield tag="040" ind1=" " ind2=" ">
<subfield code="a">EUX</subfield>
<subfield code="c">EUX</subfield>
<subfield code="d">CGU</subfield>
<subfield code="d">CStRLIN</subfield>
</datafield>
<datafield tag="100" ind1="1" ind2=" ">
<subfield code="a">Ibn Qutaybah, ʻAbd Allāh ibn Muslim,</subfield>
<subfield code="d">828-889?</subfield>
</datafield>
<datafield tag="245" ind1="1" ind2="0">
<subfield code="a">Taʼwīl mushakil al-Qurʼān /</subfield>
<subfield code="c">bi-sharḥ wa taḥqīq Aḥmad Ṣaqr.</subfield>
</datafield>
<datafield tag="260" ind1=" " ind2=" ">
<subfield code="a">[al-Qāhirah] :</subfield>
<subfield code="b">ʻĪsá al-Bābī al-Ḥalabī :</subfield>
<subfield code="b">Dār Iḥyāʼ al-Kutub al-ʻArabīyyah,</subfield>
<subfield code="c">[1954?].</subfield>
</datafield>
<datafield tag="300" ind1=" " ind2=" ">
<subfield code="a">536 p.</subfield>
</datafield>
<datafield tag="490" ind1="1" ind2=" ">
<subfield code="a">Maktabat Ibn Qutaybah ;</subfield>
<subfield code="v">1</subfield>
</datafield>
<datafield tag="630" ind1="0" ind2="4">
<subfield code="a">Koran</subfield>
<subfield code="x">Commentaries</subfield>
<subfield code="x">Early works to 1800.</subfield>
</datafield>
<datafield tag="630" ind1="0" ind2="0">
<subfield code="a">Koran</subfield>
<subfield code="x">Criticism, interpretation, etc.</subfield>
</datafield>
<datafield tag="700" ind1="1" ind2=" ">
<subfield code="a">Ṣaqr, Aḥmad.</subfield>
</datafield>
<datafield tag="830" ind1=" " ind2="0">
<subfield code="a">Maktabat Ibn Qutaybah ;</subfield>
<subfield code="v">1.</subfield>
</datafield>
<datafield tag="OWN" ind1=" " ind2=" ">
<subfield code="a">GENERAL</subfield>
</datafield>
<datafield tag="950" ind1=" " ind2=" ">
<subfield code="l">BMAIN</subfield>
<subfield code="a">BP130.4</subfield>
<subfield code="b">.I284</subfield>
</datafield>
<datafield tag="955" ind1=" " ind2=" ">
<subfield code="l">BMAIN</subfield>
<subfield code="c">1:v.1</subfield>
<subfield code="r">003978866</subfield>
</datafield>
<datafield tag="998" ind1=" " ind2=" ">
<subfield code="s">9665</subfield>
</datafield>
<datafield tag="AVA" ind1=" " ind2=" ">
<subfield code="a">NYU50</subfield>
<subfield code="b">BOBST</subfield>
<subfield code="c">Main Collection</subfield>
<subfield code="d">BP130.4 .I284</subfield>
<subfield code="e">unavailable</subfield>
<subfield code="t">Unavailable</subfield>
<subfield code="f">1</subfield>
<subfield code="g">1</subfield>
<subfield code="h">Y</subfield>
<subfield code="i">0</subfield>
<subfield code="j">MAIN</subfield>
</datafield>
</record>
